% BibTex
@misc{Eg,
    author = {Qidi Zhong},
	title = {Template for Homework Notes},
    year = {2023},
}
