% BibTex
@misc{Cyr,
    author = {Qidi Zhong},
	title = {Template for Homework Notes},
    year = {2023},
}